@online{comparison,
    title = "Comparison between JPEG and JPEG 2000",
    url = "http://www.verypdf.com/pdfinfoeditor/jpeg-jpeg-2000-comparison.htm"
}

@online{alternative,
    author = "Michael Archambault",
    title = "JPEG 2000: The Better Alternative to JPEG That Never Made it Big",
    url = "http://petapixel.com/2015/09/12/jpeg-2000-the-better-alternative-to-jpeg-that-never-made-it-big/"
}

@online{wikipedia2000,
	title = "JPEG 2000",
	url = "https://en.wikipedia.org/wiki/JPEG_2000"
}

@online{how,
	title = "How does JPEG 2000 work?",
	url = "http://faculty.gvsu.edu/aboufade/web/wavelets/student_work/ef/how-works.html"
}